@misc{apache_license,
    author = "Apache Software Foundation",
    title = "Apache License 2.0",
    year = "2004",
    howpublished = {\url{https://www.apache.org/licenses/LICENSE-2.0}},
    note = "[Internet; accessed 15-May-2024]",
    description = "Esta licencia de software libre y de código abierto es menos restrictiva que la GPL y permite a los usuarios del software la libertad de usar, modificar, y distribuir el software como lo vean conveniente, siempre que se incluyan las notas de derechos de autor y las licencias de todas las copias o versiones sustanciales del software.",
    examples = "Ejemplo de biblioteca: requests"
}

@misc{mit_license,
    author = "Massachusetts Institute of Technology",
    title = "MIT License",
    year = "1988",
    howpublished = {\url{https://opensource.org/licenses/MIT}},
    note = "[Internet; accessed 15-May-2024]",
    description = "La licencia MIT es una de las licencias de software más permisivas. Permite el uso, copia, modificación, fusión, publicación, distribución, sublicencia, y/o venta de copias del software, sin restricciones siempre que se mantenga el aviso de derechos de autor original.",
    examples = "Ejemplos de bibliotecas: Flask-Bcrypt, Flask-Cors, Flask-JWT-Extended, Flask-Login, Flask-SQLAlchemy, gunicorn, openpyxl"
}

@misc{bsd_license,
    author = "Regents of the University of California",
    title = "BSD License",
    year = "1990",
    howpublished = {\url{https://opensource.org/licenses/BSD-3-Clause}},
    note = "[Internet; accessed 15-May-2024]",
    description = "Las licencias BSD son otra familia de licencias de software libre permisivas que tienen menos restricciones comparadas con Apache, permitiendo el uso y redistribución del software con o sin modificación. No se requiere la redistribución del código fuente.",
    examples = "Ejemplos de bibliotecas: Flask, Flask-RESTful"
}
@misc{cc_by_license,
    author = "Creative Commons",
    title = "CC BY License",
    year = "2001",
    howpublished = {\url{https://creativecommons.org/licenses/by/4.0/}},
    note = "[Internet; accessed 15-May-2024]",
    description = "La licencia CC BY permite su uso siempre que se dé crédito al autor original."
}


@misc{PatrónMódulo,
       author = "iluwatar",
       title = "Patrón Módulo",
       howpublished = {\url{https://java-design-patterns.com/es/patterns/module/}},
}

@misc{PatrónRepositorio,
       author = "Microsoft",
       year = "2023",
       title = "Patrón Repositorio",
       howpublished = {\url{https://learn.microsoft.com/en-us/dotnet/architecture/microservices/microservice-ddd-cqrs-patterns/infrastructure-persistence-layer-design}},
}

@misc{PatrónComponentes,
       author = "Google",
       year = "2023",
       title = "Patrón Componentes",
       howpublished = {\url{https://angular.io/guide/architecture-components}},
}

@misc{PatrónServicios,
       author = "Google",
       year = "2023",
       title = "Patrón servicios",
       howpublished = {\url{https://v17.angular.io/guide/architecture-services}},
}

@misc{ModeloClienteServidor,
       year = "2024",
       title = "Modelo Cliente Servidor",
       howpublished = {\url{https://www.geeksforgeeks.org/client-server-model/}},
}
@misc{ODS,
    year = "2024",
    title = "Objetivos de desarrollo sostenible",
    howpublished = {\url{https://www.un.org/sustainabledevelopment/es/objetivos-de-desarrollo-sostenible/}}
}
