@misc{ Prehistolibros,
       author = "Daniel Fernández",
       title = "Prehistolibros",
       year = "2024",
       howpublished = {\url{https://prehistolibros.netlify.app/}},
}
@misc{ Repositorio,
       author = "Daniel Fernández",
       title = "Repositorio GitHub",
       year = "2024",
       howpublished = {\url{https://github.com/DanielFernandezFdez/TFG_GII_23.23}},
}
@misc{Webscraping,
       author = "Margaret Rouse",
       title = "Que es el web scraping",
       year = "2023",
       howpublished = {\url{https://www.techopedia.com/definition/5212/web-scraping}},
}
@misc{Robots.txt,
       author = "Desconocido",
       title = "Archivos robots.txt",
       year = "2023",
       howpublished = {\url{https://es.wikipedia.org/wiki/Est%C3%A1ndar_de_exclusi%C3%B3n_de_robots}},
}
@misc{JWT_Debugger,
       author = "Auth0",
       title = "JWT debugger",
       howpublished = {\url{https://jwt.io/}},
}
@misc{JWT_Estandar,
       author = "John Bradley",
       year = "2015",
       title = "JWT estandar",
       howpublished = {\url{https://datatracker.ietf.org/doc/html/rfc7519}},
}
@misc{JWT_Info,
       author = "Fede J.Álvarez",
       year = "2023",
       title = "Información JWT",
       howpublished = {\url{https://bcube.bitban.com/blog/sabias-que-json-web-token}},
}

@misc{Scrum,
       author = "Ken Schwaber, Jeff Sutherland",
       year = "2020",
       title = "Definición de Scrum",
       howpublished = {\url{https://scrumguides.org/scrum-guide.html}},
}
@misc{Kanban,
       author = "Laia Gilibets",
       year = "2023",
       title = "Definición de Kanban",
       howpublished = {\url{https://www.iebschool.com/blog/metodologia-kanban-agile-scrum/}},
}
@misc{Flask,
       author = "Desconocido",
       year = "2010",
       title = "Documentación de {F}lask",
       howpublished = {\url{https://flask.palletsprojects.com/en/3.0.x/}},
}
@misc{Angular,
       author = "Google",
       year = "2024",
       title = "Documentación de {A}ngular",
       howpublished = {\url{https://angular.io/docs}},
}
@misc{Justinmind,
       author = "Justinmind",
       year = "2024",
       title = "Inicio de justinmind",
       howpublished = {\url{https://www.justinmind.com/}},
}
@misc{Github,
       author = "Github",
       year = "2024",
       title = "Inicio de Github",
       howpublished = {\url{https://github.com/}},
}
@misc{Render,
       author = "Render",
       year = "2024",
       title = "Documentación de render",
       howpublished = {\url{https://docs.render.com/}},
}
@misc{Netlify,
       author = "Netlify",
       year = "2024",
       title = "Documentación de {N}etlify",
       howpublished = {\url{https://www.netlify.com/}},
}
@misc{Overleaf,
       author = "Overleaf",
       year = "2024",
       title = "Página de inicio de  {O}verleaf",
       howpublished = {\url{https://es.overleaf.com/project}},
}
@misc{Drawio,
       author = "Drawio",
       year = "2024",
       title = "Funciones de Drawio",
       howpublished = {\url{https://www.drawio.com/features}},
}
@misc{Postman,
       author = "Postman",
       year = "2024",
       title = "Inicio de Postman",
       howpublished = {\url{https://www.postman.com/product/what-is-postman/}},
}
@misc{GoogleBooks,
       author = "Google",
       year = "2024",
       title = "API Google Books",
       howpublished = {\url{https://developers.google.com/books?hl=es-419}},
}
@misc{AmazonBooks,
       author = "Amazon",
       year = "2024",
       title = "API Amazon Books",
       howpublished = {\url{https://webservices.amazon.com/paapi5/documentation/search-items.html}},
}
@misc{CursoAngular,
       author = "Fernando herrera",
       year = "2024",
       title = "Curso de Angular",
       howpublished = {\url{https://www.udemy.com/course/angular-fernando-herrera/}},
}
@misc{Bootstrap5,
    year = "2024",
    title = "Bootstrap 5",
    howpublished = {\url{https://getbootstrap.com/docs/5.0/getting-started/introduction/}} 
}


@misc{Ajax,
    year = "2024",
    title = "Introducción a {A}JAX",
    howpublished = {\url{https://www.w3schools.com/xml/ajax_intro.asp}} 
}
@book{CitaIntro,
    author ="Patou-Mathis, Marylene" ,
    title = "El hombre prehistórico es también una mujer. Una historia de la invisibilidad de las mujeres. ",
    publisher = "Colección Lumen Ensayo, Penguin Random House. Barcelona",
    year = "2021"
}
@misc{PerfilJesus,
    key = "Jesús Alberto San Martín Zapatero" ,
    howpublished ={\url{https://investigacion.ubu.es/investigadores/35522/detalle}} 
}
@misc{PrimeNG,
    year = "2024",
    title = "Documentación de PrimeNG",
    howpublished = {\url{https://primeng.org/}} 
}
@misc{PrimeIcons,
    year = "2024",
    title = "Documentación de PrimeIcons",
    howpublished = {\url{https://primeng.org/icons}} 
}
@misc{EstudioReferentes,
    year = "2022",
    title = "Atribuciones de género y construcción de identidades en la literatura infantil sobre prehistoria",
    howpublished = {\url{https://doi.org/10.5565/rev/jtl3.973}} 
}

@misc{Unittest,
    year = "2024",
    title = "Framework unittest",
    howpublished = {\url{https://docs.python.org/3/library/unittest.html}} 
}

@article{san2022atribuciones,
  title={Atribuciones de g{\'e}nero y construcci{\'o}n de identidades en la literatura infantil sobre prehistoria},
  author={San Mart{\'\i}n Zapatero, Jes{\'u}s Alberto and Ortega S{\'a}nchez, Delf{\'\i}n and others},
  journal={Bellaterra Journal of Teaching \& Learning Language \& Literature},
  volume={15},
  number={3},
  pages={e973},
  year={2022},
  publisher={Universitat Aut{\`o}noma de Barcelona}
}
@misc {SweetAlert2,
    year=2024,
    title = "Documentación de SweetAlert2",
    howpublished = {\url{https://sweetalert2.github.io/}} 
}


